<record><leader>00000cas a2200000 a 4500</leader><controlfield tag="001">27084748</controlfield><controlfield tag="008">921208d19011903cauwr ne      0   a0eng c</controlfield><datafield ind1=" " ind2=" " tag="010"><subfield code="a">sn 92070142 </subfield></datafield><datafield ind1=" " ind2=" " tag="040"><subfield code="a">CNK</subfield><subfield code="b">eng</subfield><subfield code="c">CNK</subfield><subfield code="d">CNW</subfield><subfield code="d">CNK</subfield><subfield code="d">OCLCQ</subfield><subfield code="d">CUS</subfield><subfield code="d">DLC</subfield><subfield code="d">CLU</subfield><subfield code="d">CNK</subfield><subfield code="d">CUS</subfield><subfield code="d">OCLCQ</subfield><subfield code="d">OCLCF</subfield></datafield><datafield ind1="1" ind2=" " tag="022"><subfield code="a">1943-877X</subfield><subfield code="l">1943-877X</subfield><subfield code="2">1</subfield></datafield><datafield ind1="1" ind2=" " tag="029"><subfield code="a">AU@</subfield><subfield code="b">000020724687</subfield></datafield><datafield ind1="1" ind2=" " tag="029"><subfield code="a">NZ1</subfield><subfield code="b">16071190</subfield></datafield><datafield ind1=" " ind2=" " tag="042"><subfield code="a">pcc</subfield><subfield code="a">nsdp</subfield></datafield><datafield ind1=" " ind2=" " tag="043"><subfield code="a">n-us-ca</subfield></datafield><datafield ind1="0" ind2="0" tag="050"><subfield code="a">Newspaper</subfield></datafield><datafield ind1="1" ind2="4" tag="050"><subfield code="a">F868.I2</subfield></datafield><datafield ind1=" " ind2="0" tag="222"><subfield code="a">Imperial press and farmer</subfield></datafield><datafield ind1="0" ind2="0" tag="245"><subfield code="a">Imperial press and farmer.</subfield></datafield><datafield ind1="1" ind2="7" tag="246"><subfield code="a">Imperial press</subfield></datafield><datafield ind1=" " ind2=" " tag="260"><subfield code="a">Imperial, San Diego County, Cal. :</subfield><subfield code="b">Edgar F. Howe</subfield></datafield><datafield ind1=" " ind2=" " tag="300"><subfield code="a">v.</subfield></datafield><datafield ind1=" " ind2=" " tag="310"><subfield code="a">Weekly</subfield></datafield><datafield ind1="0" ind2=" " tag="362"><subfield code="a">Vol. 1, no. 29 (Nov. 2, 1901)-v. 2, no. 48 (Mar. 14, 1903).</subfield></datafield><datafield ind1=" " ind2=" " tag="500"><subfield code="a">"And Farmer" appears in small print beneath "Imperial Press."</subfield></datafield><datafield ind1=" " ind2=" " tag="530"><subfield code="a">Archived issues are available in digital format as part of the Library of Congress Chronicling America online collection.</subfield></datafield><datafield ind1=" " ind2=" " tag="530"><subfield code="a">Master negatives are available for duplication from:</subfield><subfield code="b">California Newspaper Microfilm Archive;</subfield><subfield code="c">positive copies may be purchased by the reel; for further information consult the CNMA at:</subfield><subfield code="u">http://cbsr.ucr.edu</subfield></datafield><datafield ind1=" " ind2="0" tag="651"><subfield code="a">Imperial County (Calif.)</subfield><subfield code="v">Newspapers.</subfield></datafield><datafield ind1=" " ind2="0" tag="651"><subfield code="a">San Diego County (Calif.)</subfield><subfield code="v">Newspapers.</subfield></datafield><datafield ind1=" " ind2="7" tag="655"><subfield code="a">Newspapers.</subfield><subfield code="2">fast</subfield><subfield code="0">(OCoLC)fst01423814</subfield></datafield><datafield ind1=" " ind2="7" tag="651"><subfield code="a">California</subfield><subfield code="z">Imperial County.</subfield><subfield code="2">fast</subfield><subfield code="0">(OCoLC)fst01206056</subfield></datafield><datafield ind1=" " ind2="7" tag="651"><subfield code="a">California</subfield><subfield code="z">San Diego County.</subfield><subfield code="2">fast</subfield><subfield code="0">(OCoLC)fst01204290</subfield></datafield><datafield ind1=" " ind2=" " tag="752"><subfield code="a">United States</subfield><subfield code="b">California</subfield><subfield code="c">Imperial</subfield><subfield code="d">Imperial.</subfield></datafield><datafield ind1="0" ind2="0" tag="780"><subfield code="t">Imperial press (Imperial, Calif. : 1901)</subfield><subfield code="x">1943-8788</subfield><subfield code="w">(DLC)sn 98061398</subfield><subfield code="w">(OCoLC)39694504</subfield></datafield><datafield ind1="0" ind2="0" tag="785"><subfield code="t">Imperial press</subfield><subfield code="x">1943-8796</subfield><subfield code="w">(DLC)sn 92070143</subfield><subfield code="w">(OCoLC)27084760</subfield></datafield><datafield ind1="4" ind2="1" tag="856"><subfield code="3">1901-1903.</subfield><subfield code="z">Search for articles</subfield><subfield code="u">http://bibpurl.oclc.org/web/31161</subfield><subfield code="u">http://cdnc.ucr.edu/newsucr</subfield></datafield><datafield ind1="4" ind2="1" tag="856"><subfield code="3">1901-1903.</subfield><subfield code="z">Browse available issues http://bibpurl.oclc.org/web/38641</subfield><subfield code="u">http://cdnc.ucr.edu/newsucr/cgi-bin/newsucr?a=d&amp;cl=CL1.IVP&amp;e=-------en-logical-20--1-----all</subfield></datafield><datafield ind1="4" ind2="1" tag="856"><subfield code="3">1901-1903.</subfield><subfield code="u">http://bibpurl.oclc.org/web/31472</subfield><subfield code="u">http://www.loc.gov/chroniclingamerica/lccn/sn92070142/issues</subfield></datafield></record>